<?xml version="1.0" encoding="UTF-8"?><collection xmlns="http://www.loc.gov/MARC21/slim"><record><leader>00435nam--2200145-i-4500</leader><controlfield tag="001">000023952</controlfield><controlfield tag="002">20161230</controlfield><controlfield tag="005">20161230201035</controlfield><controlfield tag="008">060222s1000------------r-----000-0-eng-d</controlfield><datafield ind1=" " ind2=" " tag="080"><subfield code="a">577.152.1</subfield></datafield><datafield ind1=" " ind2=" " tag="245"><subfield code="a">Molecular mechanisms of oxygen activation</subfield></datafield><datafield ind1=" " ind2=" " tag="260"><subfield code="a">New York, Acaddemic Press, 1974. Xvi + 678 P</subfield></datafield><datafield ind1=" " ind2=" " tag="490"><subfield code="a">Molecular Biology. An International Series Of Monographs And Textbooks</subfield></datafield><datafield ind1=" " ind2=" " tag="700"><subfield code="a">Hayaishi, Osamu</subfield></datafield><datafield ind1=" " ind2=" " tag="852"><subfield code="a">47973</subfield></datafield></record></collection>